@book{cormen3ndFaster,
 author = {Cormen, Thomas H. and Stein, Clifford and Rivest, Ronald L. and Leiserson, Charles E.},
 title = {Introduction to Algorithms (pp. 684-691)},
 year = {2009},
 edition = {3nd},
 publisher = {MIT Press},
}

@book{cormen3ndFloydwarshall,
 author = {Cormen, Thomas H. and Stein, Clifford and Rivest, Ronald L. and Leiserson, Charles E.},
 title = {Introduction to Algorithms (pp. 693-697)},
 year = {2009},
 edition = {3nd},
 publisher = {MIT Press},
}

@book{cormen3ndjohnson,
 author = {Cormen, Thomas H. and Stein, Clifford and Rivest, Ronald L. and Leiserson, Charles E.},
 title = {Introduction to Algorithms (pp. 700-704)},
 year = {2009},
 edition = {3nd},
 publisher = {MIT Press},
}

@book{cormen3ndbellmanford,
 author = {Cormen, Thomas H. and Stein, Clifford and Rivest, Ronald L. and Leiserson, Charles E.},
 title = {Introduction to Algorithms (pp. 651-654)},
 year = {2009},
 edition = {3nd},
 publisher = {MIT Press},
}

@book{cormen3nddijkstra,
 author = {Cormen, Thomas H. and Stein, Clifford and Rivest, Ronald L. and Leiserson, Charles E.},
 title = {Introduction to Algorithms (pp. 658-662)},
 year = {2009},
 edition = {3nd},
 publisher = {MIT Press},
}

@book{cormen3ndbfs,
 author = {Cormen, Thomas H. and Stein, Clifford and Rivest, Ronald L. and Leiserson, Charles E.},
 title = {Introduction to Algorithms (pp. 594-601)},
 year = {2009},
 edition = {3nd},
 publisher = {MIT Press},
}

@book{cormen3ndqueuemin,
 author = {Cormen, Thomas H. and Stein, Clifford and Rivest, Ronald L. and Leiserson, Charles E.},
 title = {Introduction to Algorithms (pp. 162-164)},
 year = {2009},
 edition = {3nd},
 publisher = {MIT Press},
}